% Encoding: UTF-8

@misc{site:xkcd,
  author={Randall Munroe},
  title={RFC 1149.5 specifies 4 as the standard IEEE-vetted random number.},
  howpublished={\url{https://xkcd.com/221/}},
  year={2007},
  note={Accessed: 01-09-2023},
}